@misc{ wiki:framework,
	author = "Wikipedia",
	title = "Framework",
	year = "2020",
	note = "[Internet; Accedido 24-noviembre-2020]", 
	howpublished="\url{https://es.wikipedia.org/wiki/Framework}"
}

@misc{ framework_definicion,
	author = "Angel Eulises Ortiz",
	title = "Qué es un framework en informática o programación",
	year = "2018",
	note = "[Internet; Accedido 24-noviembre-2020]" ,
	howpublished="\url{https://blog.hostdime.com.co/que-es-un-framework-informatica-programacion/#:~:text=La%20palabra%20Framework%20es%20la,)%20y%20Trabajo%20(work)%20.&text=En%20otras%20palabras%2C%20podemos%20decir,estandarizadas%20para%20crear%20aplicaciones%20web.}"
}

@misc{ frontend_backend,
	author = "Nicole Chapaval",
	title = "Qué es Frontend y Backend",
	year = "2018",
	note = "[Internet; Accedido 24-noviembre-2020]", 
	howpublished="\url{https://platzi.com/blog/que-es-frontend-y-backend/}"
}

@misc{ wiki:Maven,
	author = "Wikipedia",
	title = "Maven",
	year = "2020",
	note = "[Internet; Accedido 24-noviembre-2020]", 
	howpublished="\url{https://es.wikipedia.org/wiki/Maven}"
}

@misc{ pagina_maven,
	author = "The Apache Software Foundation",
	title = "Maven",
	note = "[Internet; Accedido 24-noviembre-2020]", 
	howpublished="\url{https://maven.apache.org/}"
}

@misc{ pagina_java,
	author = "Oracle",
	title = "Java",
	note = "[Internet; Accedido 24-noviembre-2020]", 
	howpublished="\url{https://java.com/es/download/help/whatis_java.html}"
	
}

@misc{ pagina_css,
	author = "Mozilla and individual contributors",
	title = "CSS",
	note = "[Internet; Accedido 25-junio-2021]", 
	howpublished="\url{https://developer.mozilla.org/es/docs/Learn/CSS}"
	
}

@misc{ pagina_xml,
	author = "Ivan de Souza",
	title = "XML: ¿qué es y para qué sirve este lenguaje de marcado?",
	note = "[Internet; Accedido 25-junio-2021]", 
	howpublished="\url{https://rockcontent.com/es/blog/que-es-xml/}"	
}

@misc{ pagina_eclipse,
	author = "Eclipse Foundation, Inc. ",
	title = "Eclipse",
	url = "https://www.eclipse.org/",
	note = "[Internet; Accedido 24-noviembre-2020]"
}

@misc{ pagina_github,
	author = "GitHub, Inc.",
	title = "GitHub",
	note = "[Internet; Accedido 24-noviembre-2020]", 
	howpublished="\url{https://github.com/}"
}

@misc{ pagina_vaadin,
	author = "Vaadin",
	title = "Vaadin",
	note = "[Internet; Accedido 24-noviembre-2020]", 
	howpublished="\url{https://vaadin.com/}"
}

@misc{ wiki:Vaadin,
	author = "Wikipedia",
	title = "Vaadin",
	year = "2020",
	note = "[Internet; Accedido 24-noviembre-2020]", 
	howpublished="\url{https://es.wikipedia.org/wiki/Vaadin}"
}

@misc{ wiki:LaTex,
	author = "Wikipedia",
	title = "LaTex",
	year = "2020",
	note = "[Internet; Accedido 24-noviembre-2020]", 
	howpublished="\url{https://es.wikipedia.org/wiki/LaTeX}"
}

@misc{ pagina_zenhub,
	author = "ZenHub",
	title = "ZenHub",
	note = "[Internet; Accedido 22-noviembre-2020]", 
	howpublished="\url{https://www.zenhub.com/}"
}

@misc{ pagina_github_desktop,
	author = "GitHub, Inc.",
	title = "GitHub Desktop",
	note = "[Internet; Accedido 22-noviembre-2020]", 
	howpublished="\url{https://desktop.github.com/}"
}

@misc{ pagina_heroku,
	author = "Salesforce.com",
	title = "Heroku",
	note = "[Internet; Accedido 14-febrero-2021]", 
	howpublished="\url{https://www.heroku.com/home}"
}

@misc{ pagina_overleaf,
	author = "Overleaf",
	title = "Overleaf",
	note = "[Internet; Accedido 22-noviembre-2020]", 
	howpublished="\url{https://es.overleaf.com/}"
}

@misc{ fillo_codoid,
	author = "Codoid",
	title = "Fillo",
	year = "2020",
	note = "[Internet; Accedido 14-febrero-2021]", 
	howpublished="\url{https://codoid.com/fillo/}"
}

@misc{ fillo_foro,
	author = "Sumon Dey",
	title = "Perform Read-Write Operations in Excel using SQL commands from code",
	year = "2016",
	note = "[Internet; Accedido 14-febrero-2021]", 
	howpublished="\url{http://www.sumondey.com/fillo/}"
}

@misc{ fillo_ejemplos,
	title = "How To Read Or Write Data From Excel Sheet In Selenium Web Driver",
	year = "2021",
	note = "[Internet; Accedido 14-febrero-2021]", 
	howpublished="\url{https://www.softwaretestinghelp.com/read-write-data-from-excel-sheet-in-selenium-web-driver/}"
}

@misc{ patron_factory,
	author = "Oscar Blancarte",
	title = "Patrón de Diseño Factory",
	year = "2014",
	note = "[Internet; Accedido 14-febrero-2021]", 
	howpublished="\url{https://www.oscarblancarteblog.com/2014/07/18/patron-de-diseno-factory/}"
}

@misc{ patron_factory_ejFiguras,
	author = "Gustavo Peiretti ",
	title = "Patrón de diseño Factory en Java",
	year = "2020",
	note = "[Internet; Accedido 14-febrero-2021]", 
	howpublished="\url{https://gustavopeiretti.com/patron-de-diseno-java-factory/}"
}









